<record><leader>00000cas a22000007a 4500</leader><controlfield tag="001">17023071</controlfield><controlfield tag="008">871124c19849999iauwr ne      0    0eng d</controlfield><datafield ind1=" " ind2=" " tag="010"><subfield code="a">sn 87058642 </subfield></datafield><datafield ind1=" " ind2=" " tag="040"><subfield code="a">INP</subfield><subfield code="b">eng</subfield><subfield code="c">INP</subfield><subfield code="d">OCLCQ</subfield></datafield><datafield ind1=" " ind2=" " tag="042"><subfield code="a">msc</subfield></datafield><datafield ind1="0" ind2=" " tag="130"><subfield code="a">Chronicle (Odebolt, Iowa : 1984 : Wall Lake edition)</subfield></datafield><datafield ind1="1" ind2="4" tag="245"><subfield code="a">The chronicle.</subfield></datafield><datafield ind1=" " ind2=" " tag="250"><subfield code="a">Wall Lake ed.</subfield></datafield><datafield ind1=" " ind2=" " tag="260"><subfield code="a">Odebolt, Iowa :</subfield><subfield code="b">Miller Print. and Pub.,</subfield><subfield code="c">1984-</subfield></datafield><datafield ind1=" " ind2=" " tag="300"><subfield code="a">v.</subfield></datafield><datafield ind1=" " ind2=" " tag="310"><subfield code="a">Weekly</subfield></datafield><datafield ind1="0" ind2=" " tag="362"><subfield code="a">Vol. 96, no. 23 (June 7, 1984)-</subfield></datafield><datafield ind1=" " ind2=" " tag="752"><subfield code="a">United States</subfield><subfield code="b">Iowa</subfield><subfield code="c">Sac</subfield><subfield code="d">Odebolt.</subfield></datafield><datafield ind1=" " ind2=" " tag="752"><subfield code="a">United States</subfield><subfield code="b">Iowa</subfield><subfield code="c">Sac</subfield><subfield code="d">Wall Lake.</subfield></datafield><datafield ind1="0" ind2=" " tag="775"><subfield code="t">Chronicle (Odebolt, Iowa : 1984 : Odebolt-Early edition)</subfield><subfield code="w">(DLC)sn 84006193</subfield></datafield><datafield ind1="0" ind2="1" tag="780"><subfield code="t">Odebolt chronicle</subfield><subfield code="w">(DLC)sn 87058641</subfield></datafield></record>